@misc{trazaConteo,
  title = {Traza de ejecucion de ordenamiento por conteo},
  howpublished = {\url{https://github.com/ManuelLatorre98/Disenio-de-algoritmos/tree/main/Informes/TPO1P2/Images/Punto1}},
  note = {Accessed: 2022-10-16}
},
@misc{readAndHashMetodo,
  title = {Codigo readAndHash},
  howpublished = {\url{https://github.com/ManuelLatorre98/Disenio-de-algoritmos/blob/main/src/T1P2/PalabrasHashing.java}},
  note = {Accessed: 2022-10-16}
}

@misc{arbolB,
  title = {Imagenes arbol B},
  howpublished = {\url{https://github.com/ManuelLatorre98/Disenio-de-algoritmos/tree/main/Informes/TPO1P2/Images/Punto4}},
  note = {Accessed: 2022-10-16}
}